@book{easley2010networks,
  title={Networks, crowds, and markets: Reasoning about a highly connected world},
  author={Easley, David and Kleinberg, Jon},
  year={2010},
  publisher={Cambridge University Press}
}
@article{cipra1987introduction,
	title={An introduction to the Ising model},
	author={Cipra, Barry A},
	journal={American Mathematical Monthly},
	volume={94},
	number={10},
	pages={937--959},
	year={1987}
}
@article{jerrum1993polynomial,
	title={Polynomial-time approximation algorithms for the Ising model},
	author={Jerrum, Mark and Sinclair, Alistair},
	journal={SIAM Journal on computing},
	volume={22},
	number={5},
	pages={1087--1116},
	year={1993},
	publisher={SIAM}
}
@book{grinstead2012introduction,
	title={Introduction to probability},
	author={Grinstead, Charles Miller and Snell, James Laurie},
	year={2012},
	publisher={American Mathematical Soc.}
}
@book{levin2009markov,
	title={Markov chains and mixing times},
	author={Levin, David Asher and Peres, Yuval and Wilmer, Elizabeth Lee},
	year={2009},
	publisher={American Mathematical Soc.}
}
@book{williamson2011design,
	title={The design of approximation algorithms},
	author={Williamson, David P and Shmoys, David B},
	year={2011},
	publisher={Cambridge university press}
}
@article{blume1993statistical,
	title={The statistical mechanics of strategic interaction},
	author={Blume, Lawrence E},
	journal={Games and economic behavior},
	volume={5},
	number={3},
	pages={387--424},
	year={1993},
	publisher={Elsevier}
}
@article{ferraioli2012logit,
	title={Logit dynamics for strategic games mixing time and metastability},
	author={Ferraioli, Diodato},
	year={2012},
	publisher={Universita degli studi di Salerno}
}
@article{mckelvey1993quantal,
	title={Quantal response equilibria for normal form games},
	author={McKelvey, Richard D and Palfrey, Thomas R},
	year={1993}
}
@article{ho2007self,
	title={Self-tuning experience weighted attraction learning in games},
	author={Ho, Teck H and Camerer, Colin F and Chong, Juin-Kuan},
	journal={Journal of Economic Theory},
	volume={133},
	number={1},
	pages={177--198},
	year={2007},
	publisher={Elsevier}
}
@article{gelatt1983optimization,
	title={Optimization by simulated annealing},
	author={Gelatt, CD and Vecchi, MP and others},
	journal={Science},
	volume={220},
	number={4598},
	pages={671--680},
	year={1983}
}
@article{newell1953theory,
	title={On the theory of the Ising model of ferromagnetism},
	author={Newell, Gordon F and Montroll, Elliott W},
	journal={Reviews of Modern Physics},
	volume={25},
	number={2},
	pages={353},
	year={1953},
	publisher={APS}
}
@book{sinclair2012algorithms,
	title={Algorithms for random generation and counting: a Markov chain approach},
	author={Sinclair, Alistair},
	year={2012},
	publisher={Springer Science \& Business Media}
}
@article{sinclair1989approximate,
	title={Approximate counting, uniform generation and rapidly mixing Markov chains},
	author={Sinclair, Alistair and Jerrum, Mark},
	journal={Information and Computation},
	volume={82},
	number={1},
	pages={93--133},
	year={1989},
	publisher={Elsevier}
}
@thesis{rinaldi2016approximation,
	title={An efficient approximation algorithm for computing the Gibbs measure},
	author={Rinaldi, Iole},
	pages={96},
	year={2016}
}
@article{donald1999art,
	title={The art of computer programming},
	author={Donald, E Knuth},
	journal={Generating All Tuples and Permutations},
	volume={4},
	year={1999}
}
@ARTICLE{tonnies,
	AUTHOR="Tönnies Ferdinand",
	TITLE="Gemeinschaft und Gesellschaft, Leipzig: Fues's Verlag. (Translated, 1957 by Charles Price Loomis as Community and Society, East Lansing: Michigan State University Press)"
}
@ARTICLE{durkheim,
	AUTHOR="Durkheim Emile",
	TITLE="De la division du travail social: étude sur l'organisation des sociétés supérieures, Paris: F. Alcan. (Translated, 1964, by Lewis A. Coser as The Division of Labor in Society, New York: Free Press)" 
}
@article{simmel,
	author="Simmel, Georg",
	title="Soziologie, Leipzig: Duncker \& Humblot."
}
@article{bronislaw,
	author="Malinowski Bronislaw",
	title="The Family Among the Australian Aborigines: A Sociological Study. London: University of London Press."
}
@article{brown1,
	author="Radcliffe-Brown, Alfred Reginald",
	title="The social organization of Australian tribes. Sydney, Australia: University of Sydney Oceania monographs, No.1."
}
@article{brown2,
	author="Radcliffe-Brown, Alfred Reginald",
	title="On social structure. Journal of the Royal Anthropological Institute 70: 1–12. doi:10.2307/2844197"
}		
@article{strauss,
	author="Lévi-Strauss Claude",
	title="Les structures élémentaires de la parenté. Paris: La Haye, Mouton et Co. (Translated, 1969 by J. H. Bell, J. R. von Sturmer, and R. Needham, 1969, as The Elementary Structures of Kinship, Boston: Beacon Press)"
}
@article{nadel,
	author="Nadel S. F.",
	title="The Theory of Social Structure. London: Cohen and West"
}
@article{parsons1,
	author="Parsons Talcott",
	title="The Structure of Social Action: A Study in Social Theory with Special Reference to a Group of European Writers. New York: The Free Press"
}
@article{parsons2,
	author="Parsons Talcott",
	title="The Social System. New York: The Free Press"
}
@article{blau1,
	author="Blau Peter",
	title="Bureaucracy in Modern Society. New York: Random House, Inc."
}
@article{blau2,
	author="Blau Peter",
	title="The American Journal of Sociology, (65)6: 545-556"
}
@article{blau3,
	author="Blau Peter",
	title="Exchange and Power in Social Life."
}
@article{scott,
	author="Scott John P.",
	title="Social Network Analysis: A Handbook (2nd edition). Thousand Oaks, CA: Sage Publications."
}
@article{pisa,
	author="Dipartimento di Scienze Sociale, Università di Pisa",
	title="\url{http://sna.dss.unipi.it/Analisi%20delle%20reti.html}"
}
@article{bernie,
	author="Bernie Hogan",
	title="\url{The Networked Individual: A Profile of Barry Wellman}"
}
@article{grano,
	author="Granovetter Mark",
	title="Introduction for the French Reader. Sociologica 2: 1–8"
}
@article{wellman,
	author="Wellman Barry",
	title="Structural analysis: From method and metaphor to theory and substance. Pp. 19-61 in B. Wellman and S. D. Berkowitz (eds.) Social Structures: A Network Approach, Cambridge, UK: Cambridge University Press."
}
@article{mullins,
	author="Mullins Nicholas",
	title="Theories and Theory Groups in Contemporary American Sociology. New York: Harper and Row, 1973"
}
@article{tillyc,
	author="Tilly Charles",
	title="An Urban World. Boston: Little Brown, 1974"
}
@article{wellman2,
	author="Wellman Barry",
	title="Structural Analysis: From Method and Metaphor to Theory and Substance. Pp. 19-61 in Social Structures: A Network Approach, edited by Barry Wellman and S. D. Berkowitz. Cambridge: Cambridge University Press"
}
@inproceedings{auletta2011convergence,
	title={Convergence to equilibrium of logit dynamics for strategic games},
	author={Auletta, Vincenzo and Ferraioli, Diodato and Pasquale, Francesco and Penna, Paolo and Persiano, Giuseppe},
	booktitle={Proceedings of the twenty-third annual ACM symposium on Parallelism in algorithms and architectures},
	pages={197--206},
	year={2011},
	organization={ACM}
}
@misc{Numpy,
	title = {NumPy},
	howpublished = "\url{http://www.numpy.org/}",
	year = {2006}
}
@misc{joblib,
	title = {joblib},
	howpublished = "\url{https://pythonhosted.org/joblib/}",
	year = {2010}
}
@misc{perftips,
	title={Python Performance Tips},
	author = {Irmen de Jon},
	howpublished = "\url{https://wiki.python.org/moin/PythonSpeed/PerformanceTips}",
	year = {2004}
}
@article{alos2010logit,
	title={The logit-response dynamics},
	author={Al{\'o}s-Ferrer, Carlos and Netzer, Nick},
	journal={Games and Economic Behavior},
	volume={68},
	number={2},
	pages={413--427},
	year={2010},
	publisher={Elsevier}
}
@article{young2006diffusion,
	title={The diffusion of innovations in social networks},
	author={Young, H Peyton},
	journal={The economy as an evolving complex system III: Current perspectives and future directions},
	volume={267},
	year={2006}
}
@inproceedings{auletta2012metastability,
	title={Metastability of logit dynamics for coordination games},
	author={Auletta, Vincenzo and Ferraioli, Diodato and Pasquale, Francesco and Persiano, Giuseppe},
	booktitle={Proceedings of the twenty-third annual ACM-SIAM symposium on Discrete Algorithms},
	pages={1006--1024},
	year={2012},
	organization={SIAM}
}
@misc{snapnets,
	author       = {Jure Leskovec and Andrej Krevl},
	title        = {{SNAP Datasets}: {Stanford} Large Network Dataset Collection},
	howpublished = {\url{http://snap.stanford.edu/data}},
	month        = jun,
	year         = 2014
}
@incollection{martinelli1999lectures,
	title={Lectures on Glauber dynamics for discrete spin models},
	author={Martinelli, Fabio},
	booktitle={Lectures on probability theory and statistics},
	pages={93--191},
	year={1999},
	publisher={Springer}
}